<record><leader>00000cas a2200000 a 4500</leader><controlfield tag="001">11946937</controlfield><controlfield tag="008">850422d18831884ksuwr ne      0    0eng d</controlfield><datafield ind1=" " ind2=" " tag="010"><subfield code="a">sn 85031160 </subfield></datafield><datafield ind1=" " ind2=" " tag="040"><subfield code="a">KSH</subfield><subfield code="b">eng</subfield><subfield code="c">KSH</subfield><subfield code="d">NPT</subfield><subfield code="d">OCL</subfield><subfield code="d">OCLCQ</subfield></datafield><datafield ind1=" " ind2=" " tag="042"><subfield code="a">msc</subfield></datafield><datafield ind1="0" ind2=" " tag="130"><subfield code="a">Visitor (Axtell, Kan.)</subfield></datafield><datafield ind1="1" ind2="4" tag="245"><subfield code="a">The visitor.</subfield></datafield><datafield ind1=" " ind2=" " tag="260"><subfield code="a">Axtell, Kan. :</subfield><subfield code="b">Lum C. McCarn,</subfield><subfield code="c">-1884.</subfield></datafield><datafield ind1=" " ind2=" " tag="300"><subfield code="a">v. :</subfield><subfield code="b">ill. ;</subfield><subfield code="c">54 cm.</subfield></datafield><datafield ind1=" " ind2=" " tag="310"><subfield code="a">Weekly</subfield></datafield><datafield ind1="0" ind2=" " tag="362"><subfield code="a">-v. 2, no. 52 (July 31, 1884).</subfield></datafield><datafield ind1="1" ind2=" " tag="362"><subfield code="a">Began in 1883.</subfield><subfield code="z">Cf. Rowell, 1884.</subfield></datafield><datafield ind1=" " ind2=" " tag="500"><subfield code="a">Published by Lum C. McCarn &amp; Milt L. Singrey, Mar. 12-July 31, 1884.</subfield></datafield><datafield ind1=" " ind2=" " tag="752"><subfield code="a">United States</subfield><subfield code="b">Kansas</subfield><subfield code="c">Marshall</subfield><subfield code="d">Axtell.</subfield></datafield><datafield ind1="0" ind2="4" tag="785"><subfield code="t">Frankfort bee</subfield><subfield code="w">(DLC)sn 85031179</subfield></datafield><datafield ind1="1" ind2=" " tag="029"><subfield code="a">AU@</subfield><subfield code="b">000023457543</subfield></datafield></record>